% This file was created with JabRef 2.6.
% Encoding: UTF8
@ONLINE {gitreference,
    author = "Chacon Scott",
    title  = "Getting Started - About Version Control",
    month  = "dec",
    year   = "2014",
    url    = "https://git-scm.com/book/en/v2/Getting-Started-About-Version-Control"
}
@BOOK {mercurial,
    author     = "Matt Mackall",
    title      = "Mercurial",
    year       = "19 April 2005",
    year       = "3 May 2021",
    repository = "Dostupné z: www.mercurial-scm.org/repo/hg-stable",
    text       = "Požadavky na systém:Unix-like, Windows, macOS",
    text       = "velikost MB"
}
@BOOK {wpfandcsharp,
    author    = "Alex Khang",
    title     = "Professional WPF and C\# Programming: Practical Software Development Using WPF and C\#",
    publisher = "Independently published",
    year      = "2019",
isbn = "1097122654"}
@ONLINE {libgitreference,
    author = "\mbox{The LibGit2Sharp contributors}",
    title  = "libgit2sharp",
    month  = "nov",
    year   = "2010\breakline",
    url    = "\hfill https://github.com/libgit2/libgit2sharp"
}
@article{otte,
author = {Otte, Stefan},
year = {2009},
month = {01},
pages = {},
title = {Version Control Systems}
}
@ONLINE {gitreference-local,
    author = "Chacon Scott",
    title  = "Git Branching - Branching Workflows",
    month  = "dec",
    year   = "2014",
    url    = "https://git-scm.com/book/en/v2/Git-Branching-Branching-Workflows"
}
@ONLINE {gitreference-distributed,
    author = "Chacon Scott",
    title  = "Distributed Git - Distributed Workflows",
    month  = "dec",
    year   = "2014",
    url    = "https://git-scm.com/book/en/v2/Distributed-Git-Distributed-Workflows"
}
@BOOK{git,
  title={Pro git},
  author={Chacon, Scott and Straub, Ben},
  year={2014},
  publisher={Apress}
}
@misc{linux,
  author = {Linus Torwalds},
  title = {linux},
  howpublished = {https://github.com/torvalds/linux},
  year = {2015}
}